@article{sarkar2017some,
  title={Some Multivariate Tests of Independence Based on Ranks of Nearest Neighbors},
  author={Sarkar, Soham and Ghosh, Anil K},
  journal={Technometrics},
  pages={1--11},
  year={2017},
  publisher={Taylor \& Francis}
}

@article{euler1741solutio,
  title={Solutio problematis ad geometriam situs pertinentis},
  author={Euler, Leonhard},
  journal={Commentarii academiae scientiarum Petropolitanae},
  volume={8},
  pages={128--140},
  year={1741}
}

@article{friedman1983graph,
  title={Graph-theoretic measures of multivariate association and prediction},
  author={Friedman, Jerome H and Rafsky, Lawrence C},
  journal={The Annals of Statistics},
  pages={377--391},
  year={1983},
  publisher={JSTOR}
}

@article{heller2012consistent,
  title={A consistent multivariate test of association based on ranks of distances},
  author={Heller, Ruth and Heller, Yair and Gorfine, Malka},
  journal={Biometrika},
  volume={100},
  number={2},
  pages={503--510},
  year={2012},
  publisher={Oxford University Press}
}

@article{szekely2007measuring,
  title={Measuring and testing dependence by correlation of distances},
  author={Sz{\'e}kely, G{\'a}bor J and Rizzo, Maria L and Bakirov, Nail K and others},
  journal={The annals of statistics},
  volume={35},
  number={6},
  pages={2769--2794},
  year={2007},
  publisher={Institute of Mathematical Statistics}
}
